@misc{yeh2018generating,
  title={Generating Original Jokes},
  author={Yeh, T. and others},
  year={2018},
  howpublished={Santa Clara University},
  month={March},
  url={https://www.engr.scu.edu/~mwang2/projects/NLP_generateOriginalJokes_18w.pdf}
}

@article{li2022pretrained,
  title={Pre-trained Language Models for Text Generation: A Survey},
  author={Li, J. and others},
  journal={IJCAI},
  year={2022},
  month={May},
  doi={10.48550/arXiv.2105.10311},
  url={https://doi.org/10.48550/arXiv.2105.10311}
}


@article{akbar2021deep,
  title={Deep Learning of a Pre-trained Language Modelâ€™s Joke Classifier Using GPT-2},
  author={Akbar, N. and others},
  journal={Journal of Hunan University},
  year={2021},
  month={August},
  url={http://www.jonuns.com/index.php/journal/article/view/671/666}
}

@article{radford2018improving,
  title={Improving Language Understanding by Generative Pre-Training},
  author={Radford, A. and others},
  year={2018},
  month={June},
  organization={OpenAI},
  url={https://openai.com/research/language-unsupervised}
}

@inproceedings{hempelmann2006computer,
  title={Computer, Tell Me a Joke ... but Please Make it Funny: Computational Humor with Ontological Semantics},
  author={Hempelmann, C. and others},
  booktitle={The Florida AI Research Society},
  year={2006},
  url={https://api.semanticscholar.org/CorpusID:892815}
}



